<?xml version="1.0" encoding="UTF-8"?>
<collection xmlns:xsi="http://www.w3.org/2001/XMLSchema-instance" xsi:schemaLocation="http://www.loc.gov/MARC21/slim http://www.loc.gov/standards/marcxml/schema/MARC21slim.xsd" xmlns="http://www.loc.gov/MARC21/slim">
<record>
  <leader>00710cam a22001931  4500</leader>
  <controlfield tag="001">2679400</controlfield>
  <controlfield tag="003">NNC</controlfield>
  <controlfield tag="005">20151019143130.0</controlfield>
  <controlfield tag="008">000924s1934    su            000 0 ara d</controlfield>
  <datafield tag="035" ind1=" " ind2=" ">
    <subfield code="a">(OCoLC)ocm45066769</subfield>
  </datafield>
  <datafield tag="035" ind1=" " ind2=" ">
    <subfield code="9">ARC8160CU</subfield>
  </datafield>
  <datafield tag="035" ind1=" " ind2=" ">
    <subfield code="a">(NNC)2679400</subfield>
  </datafield>
  <datafield tag="040" ind1=" " ind2=" ">
    <subfield code="a">ZCU</subfield>
    <subfield code="c">ZCU</subfield>
  </datafield>
  <datafield tag="110" ind1="1" ind2=" ">
    <subfield code="a">Saudi Arabia.</subfield>
    <subfield code="b">Wizārat al-Khārijīyah.</subfield>
  </datafield>
  <datafield tag="245" ind1="1" ind2="0">
    <subfield code="a">Bayān ʻan al-ʻalāqāt bayna al-Mamlakah al-ʻArabīyah al-Saʻūdīyah wa al-Imām Yaḥyā Ḥamīd al-Dīn.</subfield>
  </datafield>
  <datafield tag="260" ind1=" " ind2=" ">
    <subfield code="a">Makkah,</subfield>
    <subfield code="b">Maṭb. Umm-al-Qurá,</subfield>
    <subfield code="c">1353 [1934]</subfield>
  </datafield>
  <datafield tag="300" ind1=" " ind2=" ">
    <subfield code="a">2, 202, 8 p.</subfield>
  </datafield>
  <datafield tag="500" ind1=" " ind2=" ">
    <subfield code="a">At head of title: al-Mamlakah al-ʻArabīyah al-Saʻūdīyah. Wizārat al-Khārijīyah. Makkah al-Mukarramah.</subfield>
  </datafield>
  <datafield tag="955" ind1=" " ind2=" ">
    <subfield code="b">0026813670</subfield>
    <subfield code="d">glx</subfield>
    <subfield code="e">953 Sa855</subfield>
  </datafield>
</record>
</collection>